@ARTICLE{handhold,
author={T. {Lowe} and S. {Kim} and M. {Cox}},
journal={IEEE Robotics and Automation Letters},
title={Complementary Perception for Handheld {SLAM}},
year={2018},
volume={3},
number={2},
pages={1104-1111},
keywords={cameras;mobile robots;optical radar;SLAM (robots);complementary perception;three-dimensional environments;visual information;handheld systems;inertial measurement unit;general purpose mobile mapping;depth uncertainty;visual features;continuous-time simultaneous localization and mapping algorithm;Laser radar;Visualization;Simultaneous localization and mapping;Trajectory;Algorithm design and analysis;Feature extraction;SLAM;sensor fusion;mapping;localization;field robots},
doi={10.1109/LRA.2018.2795651},
ISSN={2377-3766},
month={April},}

@INPROCEEDINGS{uav,
author={R. {Opromolla} and G. {Fasano} and G. {Rufino} and M. {Grassi} and A. {Savvaris}},
booktitle={2016 International Conference on Unmanned Aircraft Systems (ICUAS)},
title={LIDAR-inertial integration for UAV localization and mapping in complex environments},
year={2016},
volume={},
number={},
pages={649-656},
keywords={autonomous aerial vehicles;curve fitting;data integration;edge detection;inertial navigation;iterative methods;microrobots;mobile robots;optical radar;principal component analysis;sensor fusion;SLAM (robots);LIDAR-inertial integration;UAV localization and mapping;complex environments;autonomous localization and mapping;microUAV;obstacles;3D data integration;point clouds;laser scanner;inertial data;low cost inertial measurement unit;scan matching;iterative closest point algorithm;robust line feature extraction;LIDAR measurement;line detection method;principal component analysis;computational time;least squares technique;line fitting;indoor environment;UTM-30LX-EW 2D LIDAR;Pixhawk IMU;Nitrogen board;Laser radar;Feature extraction;Simultaneous localization and mapping;Iterative closest point algorithm;Vehicles;Three-dimensional displays;LIDAR;inertial sensors;localization;mapping;UAV;line detection},
doi={10.1109/ICUAS.2016.7502580},
ISSN={},
month={June},}

@article{loam,
author = {Zhang, Ji and Singh, Sanjiv},
year = {2017},
month = {02},
pages = {401-416},
title = {Low-drift and Real-time Lidar Odometry and Mapping},
volume = {41},
journal = {Autonomous Robots},
doi = {10.1007/s10514-016-9548-2}
}

@INPROCEEDINGS{kitti,
author={A. {Geiger} and P. {Lenz} and R. {Urtasun}},
booktitle={2012 IEEE Conference on Computer Vision and Pattern Recognition},
title={Are we ready for autonomous driving? The KITTI vision benchmark suite},
year={2012},
volume={},
number={},
pages={3354-3361},
keywords={image sequences;object detection;robot vision;SLAM (robots);stereo image processing;video signal processing;autonomous driving;KITTI vision benchmark suite;visual recognition systems;3D object detection;SLAM;high resolution video cameras;Velodyne laser scanner;optical flow image pairs;stereo visual odometry sequences;Middlebury perform;Benchmark testing;Cameras;Optical imaging;Visualization;Optical sensors;Measurement},
doi={10.1109/CVPR.2012.6248074},
ISSN={1063-6919},
month={June},}

@INPROCEEDINGS{segmatch,
author={R. {Dubé} and D. {Dugas} and E. {Stumm} and J. {Nieto} and R. {Siegwart} and C. {Cadena}},
booktitle={2017 IEEE International Conference on Robotics and Automation (ICRA)},
title={Seg{M}atch: Segment based place recognition in {3D} point clouds},
year={2017},
volume={},
number={},
pages={5266-5272},
keywords={feature extraction;image matching;image segmentation;image sequences;visual databases;SegMatch;segment based place recognition;3D point clouds;local features;global features;3D segment matching;local descriptions;global descriptions;large-scale unstructured environments;KITTI odometry dataset;source code;Three-dimensional displays;Feature extraction;Histograms;Shape;Image segmentation;Robustness},
doi={10.1109/ICRA.2017.7989618},
ISSN={},
month={May},}

@article{segmap,
author = {Renaud Dubé and Andrei Cramariuc and Daniel Dugas and Hannes Sommer and Marcin Dymczyk and Juan Nieto and Roland Siegwart and Cesar Cadena},
title ={SegMap: Segment-based mapping and localization using data-driven descriptors},
journal = {The International Journal of Robotics Research},
volume = {39},
number = {2-3},
pages = {339-355},
year = {2020},
doi = {10.1177/0278364919863090},
URL = {https://doi.org/10.1177/0278364919863090},
eprint = {https://doi.org/10.1177/0278364919863090}
}




@INPROCEEDINGS{essential_icp,
author={S. {Rusinkiewicz} and M. {Levoy}},
booktitle={Proceedings Third International Conference on 3-D Digital Imaging and Modeling},
title={Efficient variants of the ICP algorithm},
year={2001},
volume={},
number={},
pages={145-152},
keywords={distance measurement;image processing;minimisation;real-time systems;iterative closest point algorithm;geometric alignment;three-dimensional models;minimization strategy;nearly-flat meshes;inscribed surfaces;uniform sampling;range images;real-time 3D model acquisition;model-based tracking;Iterative closest point algorithm;Iterative algorithms;Convergence;Solid modeling;Iterative methods;Geometry;Layout;Minimization methods;Image sampling;Rough surfaces},
doi={10.1109/IM.2001.924423},
ISSN={},
month={May},}

@INPROCEEDINGS{vicp,
author={S. {Hong} and H. {Ko} and J. {Kim}},
booktitle={2010 IEEE International Conference on Robotics and Automation},
title={VICP: Velocity updating iterative closest point algorithm},
year={2010},
volume={},
number={},
pages={1893-1898},
keywords={iterative methods;motion compensation;tracking;VICP;velocity updating iterative closest point algorithm;model based tracking;motion compensation;ICP iterations;Iterative closest point algorithm;Iterative algorithms;Tracking;Distortion measurement;Robot kinematics;Mobile robots;Robot sensing systems;Laser noise;Robotics and automation;USA Councils},
doi={10.1109/ROBOT.2010.5509312},
ISSN={1050-4729},
month={May},}

@article{imu_icp,
  title={River mapping from a flying robot: state estimation, river detection, and obstacle mapping},
  author={Sebastian Scherer and J{\"o}rn Rehder and Supreeth Achar and Hugh Cover and Andrew Chambers and Stephen Nuske and Sanjiv Singh},
  journal={Autonomous Robots},
  year={2012},
  volume={33},
  pages={189-214}
}

@MISC{ekf_icp,
    author = {Michael Montemerlo and Sebastian Thrun and Daphne Roller and Ben Wegbreit},
    title = {FastSLAM 2.0: An improved particle filtering algorithm for simultaneous localization and mapping that provably converges},
    year = {}
}

@inproceedings{bosse,
  title={Efficient Large-Scale {3D} Mobile Mapping and Surface Reconstruction of an Underground Mine},
  author={Robert Zlot and Michael Bosse},
  booktitle={FSR},
  year={2012}
}

@INPROCEEDINGS{zlot,
author={M. {Bosse} and R. {Zlot}},
booktitle={2009 IEEE International Conference on Robotics and Automation},
title={Continuous {3D} scan-matching with a spinning 2D laser},
year={2009},
volume={},
number={},
pages={4312-4319},
keywords={Spinning;Vehicles;Motion estimation;Clouds;Distortion measurement;Motion measurement;Trajectory;Time measurement;Laser noise;Laser radar;scan-matching;3D mapping;motion estimation;spinning laser},
doi={10.1109/ROBOT.2009.5152851},
ISSN={1050-4729},
month={May},}

@article{imls_icp,
  title={IMLS-SLAM: Scan-to-Model Matching Based on {3D} Data},
  author={Jean-Emmanuel Deschaud},
  journal={2018 IEEE International Conference on Robotics and Automation (ICRA)},
  year={2018},
  pages={2480-2485}
}

@inproceedings{curb,
  title={Map-Based Localization Method for Autonomous Vehicles Using {3D}-LIDAR},
  author={Liang Wang and Yihuan Zhang and Jun Wang},
  year={2017}
}

@INPROCEEDINGS{curb_mc,
author={A. Y. {Hata} and F. S. {Osorio} and D. F. {Wolf}},
booktitle={2014 IEEE Intelligent Vehicles Symposium Proceedings},
title={Robust curb detection and vehicle localization in urban environments},
year={2014},
volume={},
number={},
pages={1257-1262},
keywords={automobiles;cameras;image matching;mobile robots;Monte Carlo methods;object detection;optical radar;path planning;pose estimation;regression analysis;road safety;robot vision;stereo image processing;robust curb detection;vehicle localization;urban environments;autonomous ground vehicles;path planning;navigation safety;self-driving cars;stereo cameras;2D LIDAR;image pair matching methods;dense point cloud;robust regression method;least trimmed squares;LTS;temporal filters;spline fitting methods;curb detector;Monte Carlo localization algorithm;pose estimation;Laser radar;Roads;Vehicles;Detectors;Global Positioning System;Splines (mathematics);Robot sensing systems},
doi={10.1109/IVS.2014.6856405},
ISSN={1931-0587},
month={June},}

@inproceedings{monte-carlo,
  title={A particle filter tutorial for mobile robot localiza-tion},
  author={Ioannis M. Rekleitis},
  year={2002}
}

@INPROCEEDINGS{bosse-zlot,
author={M. {Bosse} and R. {Zlot}},
booktitle={2013 IEEE International Conference on Robotics and Automation},
title={Place recognition using keypoint voting in large {3D} lidar datasets},
year={2013},
volume={},
number={},
pages={2677-2684},
keywords={image matching;log normal distribution;optical radar;robot vision;SLAM (robots);place recognition;large 3D LIDAR datasets;relative alignment error;camera data;LIDAR sensors;keypoint voting approach;place matches;SLAM systems;sublinear matching times;handheld LIDAR sensor scanning;large scale 3D LIDAR datasets;parametric model;log-normal distribution;vote score distribution;local descriptors;nearest neighbor votes;Laser radar;Trajectory;Three-dimensional displays;Sensors;Vectors;Reliability;Springs},
doi={10.1109/ICRA.2013.6630945},
ISSN={1050-4729},
month={May},}

@ARTICLE{surf1,
author={Y. {Zhuang} and N. {Jiang} and H. {Hu} and F. {Yan}},
journal={IEEE Transactions on Instrumentation and Measurement},
title={3-D-Laser-Based Scene Measurement and Place Recognition for Mobile Robots in Dynamic Indoor Environments},
year={2013},
volume={62},
number={2},
pages={438-450},
keywords={feature extraction;image matching;mobile robots;optical scanners;robot vision;3D-laser-based scene measurement;mobile robot;dynamic indoor environment;active environment perception;autonomous place recognition;cluttered indoor environment;random disturbance;speeded-up robust feature extraction;speeded-up robust feature matching;bearing-angle image;self-built rotating 3D laser scanner;global metric information;SmartROB2;Feature extraction;Lasers;Measurement by laser beam;Mobile robots;Robustness;Spatial databases;Sensors;Autonomous place recognition;bearing-angle image;Speeded-Up Robust Features (SURFs);3-D laser scanning;3-D-laser-based scene measurement},
doi={10.1109/TIM.2012.2216475},
ISSN={0018-9456},
month={Feb},}

@INPROCEEDINGS{surf2,
author={B. {Steder} and G. {Grisetti} and W. {Burgard}},
booktitle={2010 IEEE International Conference on Robotics and Automation},
title={Robust place recognition for {3D} range data based on point features},
year={2010},
volume={},
number={},
pages={1400-1405},
keywords={image recognition;mobile robots;navigation;robot vision;SLAM (robots);robust place recognition;3D range data;point features;mobile robot;navigation;localization;SLAM;change detection;robot vision;Robustness;Mobile robots;Motion planning;Simultaneous localization and mapping;Robot vision systems;Image recognition;Change detection algorithms;Image databases;Spatial databases;Testing;Place recognition;SLAM;loop closing;point clouds;range images;range sensing},
doi={10.1109/ROBOT.2010.5509401},
ISSN={1050-4729},
month={May},}

@INPROCEEDINGS{fpfh,
author={R. B. {Rusu} and N. {Blodow} and M. {Beetz}},
booktitle={2009 IEEE International Conference on Robotics and Automation},
title={Fast Point Feature Histograms (FPFH) for {3D} registration},
year={2009},
volume={},
number={},
pages={3212-3217},
keywords={Histograms;Optimization methods;Clouds;Robustness;Performance analysis;Iterative closest point algorithm;Computational complexity;Convergence;Robotics and automation;Intelligent systems},
doi={10.1109/ROBOT.2009.5152473},
ISSN={1050-4729},
month={May},}

@INPROCEEDINGS{rohling,
author={T. {Röhling} and J. {Mack} and D. {Schulz}},
booktitle={2015 IEEE/RSJ International Conference on Intelligent Robots and Systems (IROS)},
title={A fast histogram-based similarity measure for detecting loop closures in 3-D LIDAR data},
year={2015},
volume={},
number={},
pages={736-741},
keywords={object detection;optical radar;robot vision;statistical analysis;fast histogram-based similarity measure;LIDAR loop closure detection;3D LIDAR data;light detection and ranging;field robots;Histograms;Laser radar;Measurement;Simultaneous localization and mapping},
doi={10.1109/IROS.2015.7353454},
ISSN={},
month={Sep.},}

@inproceedings{Finman2015TowardOP,
  title={Toward Object-based Place Recognition in Dense RGB-D Maps},
  author={Ross Finman and Liam Paull and John J. Leonard},
  year={2015}
}

@proceedings {object,
	title = {Toward Object-based Place Recognition in Dense RGB-D Maps},
	journal = {ICRA workshop on visual place recognition in changing environments},
	year = {2015},
	month = {05/2015},
	abstract = {Longterm localization and mapping requires the
ability to detect when places are being revisited to {\textquotedblleft}close
loops{\textquotedblright} and mitigate odometry drift. The appearance-based
approaches solve this problem by using visual descriptors to
associate camera imagery. This method has proven remarkably
successful, yet performance will always degrade with drastic
changes in viewpoint or illumination. In this paper, we propose
to leverage the recent results in dense RGB-D mapping to
perform place recognition in the space of objects. We detect
objects from the dense 3-D data using a novel feature descriptor
generated using primitive kernels. These objects are then
connected in a sparse graph which can be quickly searched for
place matches. The developed algorithm allows for multi-floor
or multi-session building-scale dense mapping and is invariant
to viewpoint and illumination. We validate the approach on
a number of real datasets collected with a handheld RGB-D
camera.},
	author = {Finman, R and Paull, L and Leonard, J J}
}

@article{magnusson,
  title={Automatic appearance-based loop detection from three-dimensional laser data using the normal distributions transform},
  author={Martin Magnusson and Henrik Andreasson and Andreas N{\"u}chter and Achim J. Lilienthal},
  journal={J. Field Robotics},
  year={2009},
  volume={26},
  pages={892-914}
}

@INPROCEEDINGS{ssdistance,
    author = {B. Douillard and J. Underwood and V. Vlaskine and A. Quadros and S. Singh},
    title = {A pipeline for the segmentation and classification of {3D} point clouds},
    booktitle = {In ISER},
    year = {2010}
}

@unpublished{l3net,
  title={L3-Net: Towards Learning Based LiDAR Localization for Autonomous Driving},
  author={Weixin Lu and Yao Zhou and Guowei Wan and Shenhua Hou and Shiyu Song},
  booktitle={CVPR 2019},
  year={2019}
}

@inproceedings{3dmatch,
author = {Zeng, Andy and Song, Shuran and NieBner, Matthias and Fisher, Matthew and Xiao, Jianxiong and Funkhouser, Thomas},
year = {2017},
month = {07},
pages = {199-208},
title = {{3D}Match: Learning Local Geometric Descriptors from RGB-D Reconstructions},
doi = {10.1109/CVPR.2017.29}
}

@article{autoe1,
author = {Brock, Andrew and Lim, T. and Ritchie, James and Weston, Nick},
year = {2016},
month = {08},
pages = {},
title = {Generative and Discriminative Voxel Modeling with Convolutional Neural Networks}
}

@INPROCEEDINGS{autoe2,
author={G. {Elbaz} and T. {Avraham} and A. {Fischer}},
booktitle={2017 IEEE Conference on Computer Vision and Pattern Recognition (CVPR)},
title={{3D} Point Cloud Registration for Localization Using a Deep Neural Network Auto-Encoder},
year={2017},
volume={},
number={},
pages={2472-2481},
keywords={computer vision;feature extraction;graph theory;image matching;image registration;image representation;learning (artificial intelligence);neural nets;solid modelling;unsupervised learning;deep neural network based auto-encoders;key-point descriptors;coarse point cloud registration;local 3D geometric structures;deep neural network auto-encoder;point cloud registration datasets;large-scale point cloud;super-points-local subsets;efficient coarse registration process;Three-dimensional displays;Neural networks;Algorithm design and analysis;Two dimensional displays;Iterative closest point algorithm;Computer vision;Robustness},
doi={10.1109/CVPR.2017.265},
ISSN={1063-6919},
month={July},}

@unpublished{deepicp,
  title={DeepICP: An End-to-End Deep Neural Network for {3D} Point Cloud Registration},
  author={Lu, Weixin and Wan, Guowei and Zhou, Yao and Fu, Xiangyu and Yuan, Pengfei and Song, Shiyu},
  booktitle={arXiv preprint arXiv:1905.04153},
  year={2019}
}

@article{eigen_features,
author = {Weinmann, Martin and Jutzi, Boris and Mallet, Clément},
year = {2014},
month = {09},
pages = {181-188},
title = {Semantic {3D} scene interpretation: A framework combining optimal neighborhood size selection with relevant features},
volume = {II-3},
journal = {ISPRS Annals of the Photogrammetry, Remote Sensing and Spatial Information Sciences},
doi = {10.5194/isprsannals-II-3-181-2014}
}
